@incollection{Tit70,
  title={Sur le groupe des automorphismes d'un arbre},
  author={Tits, J.},
  booktitle={Essays on topology and related topics},
  pages={188--211},
  year={1970},
  publisher={Springer}
}

@article{KM08,
  title={Analogues of Cayley graphs for topological groups},
  author={Kr{\"o}n, B. and M{\"o}ller, R.},
  journal={Mathematische Zeitschrift},
  volume={258},
  number={3},
  pages={637},
  year={2008},
  publisher={Springer}
}

@book{Ser80,
  title={Trees},
  author={Serre, J. P.},
  year={1980},
  publisher={Springer}
}

@article{BM00a,
  title={Groups acting on trees: from local to global structure},
  author={Burger, M. and Mozes, S.},
  journal={Publications Math{\'e}matiques de l'IH{\'E}S},
  volume={92},
  number={1},
  pages={113--150},
  year={2000},
  publisher={Springer}
}

@article{Tor20,
  title={Groups acting on trees with prescribed local action},
  author={Tornier, S.},
  year={2020},
  journal={arxiv preprint: 2002.09876},
}

@incollection{GGT18,
  author={Garrido, A. and Glasner, Y. and Tornier, S.},
  title={{Automorphism Groups of Trees: Generalities and Prescribed Local Actions}},
  editor={Caprace, P.-E. and Monod, M.},
  booktitle={New Directions in Locally Compact Groups},
  publisher={Cambridge University Press},
  year={2018},
  pages={92-116},
  chapter={6}
}

@manual{GAP4,
    key="GAP",
    organization="The GAP~Group",
    title="{GAP -- Groups, Algorithms, and Programming, Version 4.8.7}",
    year=2017,
    url= "\verb+(http://www.gap-system.org)+"
}

@article{BEW15,
  title={Simple groups of automorphisms of trees determined by their actions on finite subtrees},
  author={Banks, C. and Elder, M. and Willis, G.},
  journal={Journal of Group Theory},
  volume={18},
  number={2},
  pages={235--261},
  year={2015}
}
